
% -- a ------------------------------------------------------------------------
@inproceedings{Atkey:Unembedding,
        author          = {Robert Atkey and
                                Sam Lindley and
                                Jeremy Yallop},
        title           = {Unembedding domain-specific languages},
        booktitle       = {Haskell Symposium},
        year            = {2009}
}


@misc{Anaconda-accelerate,
        author          = {{Continuum Analytics}},
        title           = {{Anaconda Accelerate}},
        url             = {https://store.continuum.io/cshop/accelerate},
        year            = 2013
}

@inproceedings{Axelsson:Syntactic,
        author          = {Axelsson, Emil},
        title           = {{A generic abstract syntax model for embedded languages}},
        booktitle       = {ICFP: International Conference on Functional Programming},
        year            = {2012},
        publisher       = {ACM},
}

@misc{tensorflow2015-whitepaper,
        title           = {{TensorFlow}: Large-Scale Machine Learning on Heterogeneous Systems},
        url             = {http://tensorflow.org/},
        author          = {Mart\'{\i}n~Abadi and
                           Ashish~Agarwal and
                           Paul~Barham and
                           Eugene~Brevdo and
                           Zhifeng~Chen and
                           Craig~Citro and
                           Greg~S.~Corrado and
                           Andy~Davis and
                           Jeffrey~Dean and
                           Matthieu~Devin and
                           Sanjay~Ghemawat and
                           Ian~Goodfellow and
                           Andrew~Harp and
                           Geoffrey~Irving and
                           Michael~Isard and
                           Yangqing Jia and
                           Rafal~Jozefowicz and
                           Lukasz~Kaiser and
                           Manjunath~Kudlur and
                           Josh~Levenberg and
                           Dan~Man\'{e} and
                           Rajat~Monga and
                           Sherry~Moore and
                           Derek~Murray and
                           Chris~Olah and
                           Mike~Schuster and
                           Jonathon~Shlens and
                           Benoit~Steiner and
                           Ilya~Sutskever and
                           Kunal~Talwar and
                           Paul~Tucker and
                           Vincent~Vanhoucke and
                           Vijay~Vasudevan and
                           Fernanda~Vi\'{e}gas and
                           Oriol~Vinyals and
                           Pete~Warden and
                           Martin~Wattenberg and
                           Martin~Wicke and
                           Yuan~Yu and
                           Xiaoqiang~Zheng},
        year            = {2015}
}

% -- b ------------------------------------------------------------------------

@article{barnes:1986,
        title={A hierarchical O (N log N) force-calculation algorithm},
        author={Barnes, Josh and Hut, Piet},
        journal={nature},
        volume={324},
        number={6096},
        pages={446--449},
        year={1986}
}

@inproceedings{Bell:2009,
        author          = {Bell, Nathan and Garland, Michael},
        title           = {{Implementing sparse matrix-vector multiplication on throughput-oriented processors}},
        booktitle       = {Proc. of High Performance Computing Networking, Storage and Analysis},
        year            = {2009},
        publisher       = {ACM}
}

@article{Bell:thrust,
        title={Thrust: A productivity-oriented library for CUDA},
        author={Bell, Nathan and Hoberock, Jared},
        journal={GPU computing gems Jade edition},
        volume={2},
        pages={359--371},
        year={2011},
        publisher={Morgan Kaufmann, San Francisco, CA}
}


@inproceedings{bergstrom:ndp2gpu,
        author          = {Bergstrom, Lars and Reppy, John},
        title           = {Nested data-parallelism on the {GPU}},
        booktitle       = {ICFP: International Conference on Functional Programming},
        year            = {2012},
        publisher       = {ACM}
}

@inproceedings{Bergstrom:2013:ppopp,
        author          = {Bergstrom, Lars and Fluet, Matthew and Rainey, Mike and Reppy, John and Rosen, Stephen and Shaw, Adam},
        title           = {Data-Only Flattening for Nested Data Parallelism},
        booktitle       = {PPoPP'13: Principles and Practice of Parallel Programming},
        year            = {2013},
        pages           = {81--92},
        numpages        = {12},
        doi             = {10.1145/2442516.2442525},
        publisher       = {ACM},
}

@inproceedings{Bjesse:lava,
        author          = {Bjesse, Per and Claessen, Koen and Sheeran, Mary and Singh, Satnam},
        title           = {{Lava: hardware design in Haskell}},
        booktitle       = {Proceedings of the third ACM SIGPLAN international conference on Functional programming},
        year            = {1998},
        publisher       = {ACM}
}

@inproceedings{Blelloch:compiling1988,
        title           = {Compiling collection-oriented languages onto massively parallel computers},
        author          = {Blelloch, Guy E and Sabot, Gary W},
        booktitle       = {The 2nd Symposium on the Frontiers of Massively Parallel Computation},
        pages           = {575--585},
        year            = {1988},
        organization    = {IEEE}
}

@techreport{Blelloch:nesl1995,
        author          = {Blelloch, Guy E.},
        title           = {{NESL}: A Nested Data-Parallel Language},
        institution     = {Carnegie Mellon University},
        number          = {CMU-CS-95-170},
        year            = {1995} }

@inproceedings{Blelloch:vcode1990,
        author = {Blelloch, G E and Chatterjee, S},
        title = {{Vcode: a data-parallel intermediate language}},
        booktitle = {The Third Symposium on the Frontiers of Massively Parallel Computation},
        year = {1990},
        pages = {471--480},
        publisher = {IEEE Comput. Soc. Press}
}

@techreport{Blelloch:1990vl,
        author          = {Blelloch, Guy E.},
        title           = {Prefix Sums and their applications},
        year            = {1990},
        number          = {CMU-CS-90-190},
        month           = nov
}

@incollection{Blelloch:nbody94,
        title           = {A Practical Comparison of $N$-Body Algorithms},
        author          = {Guy Blelloch and Girija Narlikar},
        booktitle       = {Parallel Algorithms},
        series          = {Series in Discrete Mathematics and Theoretical Computer Science},
        publisher       = {American Mathematical Society},
        year            = {1997}
}

@inproceedings{Blelloch:delaunay96,
        Author          = {G. Blelloch and G.~L. Miller and D. Talmor},
        Title           = {Developing a Practical Projection-Based Parallel Delaunay Algorithm},
        Booktitle       = {Proceedings ACM Symposium on Computational Geometry},
        Year            = 1996,
        month           = may
}

@inproceedings{Blelloch:connected94,
	author = "John Greiner",
	title = "A Comparison of Data-Parallel Algorithms for Connected Components",
        booktitle = "Proceedings Symposium on Parallel Algorithms and Architectures",
	address = "Cape May, NJ",
        pages = "16--25",
	month = jun,
	year = 1994
}

@article{Buck:brook,
        title          = {Brook Language Specification},
        author         = {Buck, I},
        journal        = {Outubro},
        year           = {2003},
        url            = {http://merrimac.stanford.edu/brook}
}


@inproceedings{Buck:2004,
        author          = {Buck, Ian and Foley, Tim and Horn, Daniel and Sugerman, Jeremy and Fatahalian, Kayvon and Houston, Mike and Hanrahan, Pat},
        title           = {Brook for GPUs: Stream Computing on Graphics Hardware},
        booktitle       = {SIGGRAPH Papers},
        year            = {2004},
        pages           = {777--786},
        numpages        = {10},
        doi             = {10.1145/1186562.1015800},
        publisher       = {ACM},
}

% -- c ------------------------------------------------------------------------
@article{Canny:1986et,
        author          = {Canny, John F.},
        title           = {{A Computational Approach to Edge Detection}},
        journal         = {Pattern Analysis and Machine Intelligence},
        year            = {1986},
        number          = {6},
}

@inproceedings{Catanzaro:copperhead,
        author = {Catanzaro, Bryan and Garland, Michael and Keutzer, Kurt},
        title = {Copperhead: Compiling an Embedded Data Parallel Language},
        booktitle = {Proceedings of the 16th ACM Symposium on Principles and Practice of Parallel Programming},
        series = {PPoPP '11},
        year = {2011},
        isbn = {978-1-4503-0119-0},
        location = {San Antonio, TX, USA},
        pages = {47--56},
        numpages = {10},
        url = {http://doi.acm.org/10.1145/1941553.1941562},
        doi = {10.1145/1941553.1941562},
        acmid = {1941562},
        publisher = {ACM},
        address = {New York, NY, USA},
        keywords = {data parallelism, gpu, python},
}

@inproceedings{Chakravarty:acc-cuda,
        author          = {Chakravarty, Manuel M. T. and Keller, Gabriele and Lee,
                                Sean and McDonell, Trevor L. and Grover, Vinod},
        title           = {{Accelerating Haskell array codes with multicore GPUs}},
        booktitle       = {DAMP: Declarative Aspects of Multicore Programming},
        year            = {2011},
        pages           = {3--14},
        publisher       = {ACM},
}

@inproceedings{Chakravarty:DPH,
        title           = {Data Parallel Haskell: a status report},
        author          = {Chakravarty, Manuel MT and Leshchinskiy, Roman and Peyton Jones,
                                Simon and Keller, Gabriele and Marlow, Simon},
        booktitle       = {Proceedings of the 2007 workshop on Declarative aspects of multicore programming},
        pages           = {10--18},
        year            = {2007},
        organization    = {ACM}
}

@misc{Chakravarty:haskell-ffi,
        author          = {Chakravarty, Manuel M. T.},
        title           = {{The Haskell Foreign Function Interface 1.0: An Addendum to the Haskell 98 Report}},
        year            = {2003}
}

@inproceedings{Chakravarty:more-types,
        author = {Chakravarty, Manuel M T and Keller, Gabriele},
        title = {{More Types for Nested Data Parallel Programming}},
        booktitle = {In Proceedings ICFP 2000: International Conference on Functional Programming},
        year = {2000},
        pages = {94--105},
        publisher = {ACM Press}
}

@incollection{Chakravarty:nepal,
        author = {Chakravarty, ManuelM and Keller, Gabriele and Lechtchinsky, Roman and Pfannenstiel, Wolf},
        title = {{Nepal --- Nested Data Parallelism in Haskell}},
        booktitle = {Euro-Par 2001 Parallel Processing},
        year = {2001},
        editor = {Sakellariou, Rizos and Gurd, John and Freeman, Len and Keane, John},
        pages = {524--534},
        publisher = {Springer Berlin Heidelberg}
}

@inproceedings{Chatterjee:1990vj,
        author          = {Chatterjee, Siddhartha and Blelloch, Guy E. and Zagha, Marco},
        title           = {{Scan primitives for vector computers}},
        booktitle       = {Proc. of Supercomputing},
        year            = {1990},
        pages           = {666--675},
        publisher       = {IEEE Computer Society Press}
}

@book{Chatterjee:2009vh,
        author          = {Chatterjee, Siddhartha and Prins, Jan},
        title           = {{COMP663: Parallel Computing Algorithms}},
        publisher       = {Department of Computer Science, University of North Carolina at Chapel Hill},
        year            = {2009}
}


@inproceedings{Claessen:obsidian,
        author          = {Koen Claessen and Mary Sheeran and Joel Svensson},
        title           = {Obsidian: {GPU} programming in {H}askell},
        booktitle       = {IFL: Implementation and Application of Functional Languages},
        year            = {2008}
}


@inproceedings{Claessen:obsidian-expressive,
        author          = {Claessen, Koen and Sheeran, Mary and Svensson, Bo Joel},
        title           = {Expressive array constructs in an embedded {GPU} kernel programming language},
        booktitle       = {DAMP: Declarative Aspects and Applications of Multicore Programming},
        year            = {2012},
        publisher       = {ACM}
}

@book{Cole:1989vr,
        author          = {Cole, Murray I},
        title           = {{Algorithmic Skeletons: Structured Management of Parallel Computation}},
        publisher       = {The MIT Press},
        year            = {1989}
}

@article{Cooley:fft,
        author          = {Cooley, James W and Tukey, John W},
        title           = {{An algorithm for the machine calculation of complex Fourier series}},
        journal         = {Mathematics of computation},
        number          = {90},
        year            = {1965}
}

@inproceedings{Coutts:stream-fusion,
        author          = {Coutts, Duncan and Leshchinskiy, Roman and Stewart, Don},
        title           = {Stream fusion\: from lists to streams to nothing at all},
        booktitle       = {ICFP: International Conference on Functional Programming},
        year            = {2007},
        publisher       = {ACM}
}

@techreport{collins2013nova,
   title       = {NOVA: A Functional Language for Data Parallelism},
   author      = {Collins, Alexander and Grewe, Dominik and Grover, Vinod and Lee, Sean and Susnea, Adriana},
   institution = {NVIDIA},
   year        = {2013}
}

@misc{cublas,
        author          = {NVIDIA},
        title           = {{CUBLAS Library}},
        number          = {DU-06702-001\_v9.1},
        year            = 2018
}

@misc{cufft,
        author          = {NVIDIA},
        title           = {{CUFFT Library}},
        number          = {DU-06707-001\_v9.1},
        year            = 2018
}

@misc{cuda,
        author          = {NVIDIA},
        title           = {{CUDA C Programming Guide}},
        number          = {PG-02829-001\_v9.1},
        year            = 2018
}

% -- d ------------------------------------------------------------------------
@article{sparse_matrix_collection,
        title           = {The University of Florida Sparse Matrix Collection},
        author          = {Davis, Tim A. and Hu, Yifan},
        journal         = {ACM Transactions on Mathematical Software},
        volume          = 38,
        number          = 1,
        year            = 2011,
        pages           = {1--25},
        url             = {http://www.cise.ufl.edu/research/sparse/matrices}
}

@inproceedings{DeBruijn1972,
        title={Lambda calculus notation with nameless dummies, a tool for automatic formula manipulation, with application to the Church-Rosser theorem},
        author={De Bruijn, Nicolaas Govert},
        booktitle={Indagationes Mathematicae (Proceedings)},
        volume={75},
        number={5},
        pages={381--392},
        year={1972},
        organization={Elsevier}
}

% -- e ------------------------------------------------------------------------
@inproceedings{Elliott:Vertigo,
        author          = {Conal Elliott},
        booktitle       = {Haskell Workshop},
        publisher       = {ACM Press},
        title           = {Programming Graphics Processors Functionally},
        year            = 2004
}

@inproceedings{CliftonEverest:2014:acc-ffi,
        author          = {Clifton-Everest, Robert and McDonell, Trevor L. and Chakravarty, Manuel M T and Keller, Gabriele},
        title           = {{Embedding Foreign Code}},
        booktitle       = {PADL '14: The 16th International Symposium on Practical Aspects of Declarative Languages},
        year            = {2014},
        month           = jan
}

@incollection{Elliott:2003ug,
        author          = {Elliott, Conal},
        title           = {{Functional Images}},
        booktitle       = {The Fun of Programming},
        year            = {2003},
        publisher       = {Palgrave}
}




% -- f ------------------------------------------------------------------------
@inproceedings{Fluet:2007:manticore,
        author          = {Fluet, Matthew and Ford, Nic and Rainey, Mike and Reppy, John and Shaw, Adam and Xiao, Yingqi},
        title           = {Status Report: The Manticore Project},
        booktitle       = {ML'07: Workshop on ML},
        year            = {2007},
        pages           = {15--24},
        numpages        = {10},
        doi             = {10.1145/1292535.1292539},
        publisher       = {ACM},
}

@Article{FFTW05,
        author          = {Frigo, Matteo and Johnson, Steven~G.},
        title           = {The Design and Implementation of {FFTW3}},
        journal         = {Proceedings of the IEEE},
        year            = 2005,
        volume          = 93,
        number          = 2,
        pages           = {216--231},
        note            = {Special issue on ``Program Generation, Optimization, and Platform Adaptation''}
}


% -- g ------------------------------------------------------------------------
@inproceedings{Gill:2009dx,
        author          = {Gill, Andy},
        title           = {{Type-Safe Observable Sharing in Haskell}},
        booktitle       = {Haskell Symposium},
        year            = {2009},
}

@inproceedings{Gill:1993de,
        author          = {Gill, Andrew and Launchbury, John and Peyton Jones, Simon L.},
        title           = {{A short cut to deforestation}},
        booktitle       = {FPCA: Functional Programming Languages and Computer Architecture},
        year            = {1993},
        publisher       = {ACM}
}

@inproceedings{Gill:kansas-lava,
        author          = {Gill, Andy and Bull, Tristan and Kimmell, Garrin and Perrins, Erik and Komp, Ed and Werling, Brett},
        title           = {Introducing {Kansas} {Lava}},
        booktitle       = {Proceedings of the 21st international conference on Implementation and application of functional languages},
        year            = {2010},
        publisher       = {Springer-Verlag}
}

@article{GoMez:2012,
        author          = {G\'{o}Mez-Luna, Juan and Gonz\'{a}Lez-Linares, Jos{\'e} Mar\'{\i}A and Benavides, Jos{\'e} Ignacio and Guil, Nicol\'{a}S},
        title           = {Performance Models for Asynchronous Data Transfers on Consumer Graphics Processing Units},
        journal         = {J. Parallel Distrib. Comput.},
        issue_date      = {September, 2012},
        publisher       = {Academic Press, Inc.},
}

@inproceedings{Guibas:1978jh,
        author          = {Guibas, Leo J and Wyatt, Douglas K},
        title           = {{Compilation and Delayed Evaluation in APL}},
        booktitle       = {POPL '78: Principles of Programming Languages},
        year            = {1978},
        pages           = {1--8}
}


% --- h

@inproceedings{Henriksen:2017futhark,
        title           = {Futhark: purely functional GPU-programming with nested parallelism and in-place array updates},
        author          = {Henriksen, Troels and Serup, Niels GW and Elsman, Martin and Henglein, Fritz and Oancea, Cosmin E},
        booktitle       = {Proceedings of the 38th ACM SIGPLAN Conference on Programming Language Design and Implementation},
        pages           = {556--571},
        year            = {2017},
        organization    = {ACM}
}

@article{Hormati:2011,
 author = {Hormati, Amir H. and Samadi, Mehrzad and Woh, Mark and Mudge, Trevor and Mahlke, Scott},
 title = {Sponge: Portable Stream Programming on Graphics Engines},
 journal = {SIGARCH Comput. Archit. News},
 issue_date = {March 2011},
 volume = {39},
 number = {1},
 month = mar,
 year = {2011},
 issn = {0163-5964},
 pages = {381--392},
 numpages = {12},
 url = {http://doi.acm.org/10.1145/1961295.1950409},
 doi = {10.1145/1961295.1950409},
 acmid = {1950409},
 publisher = {ACM},
 address = {New York, NY, USA},
 keywords = {compiler, gpu, optimization, portability, streaming},
}

% -- i ------------------------------------------------------------------------

@inproceedings{Iverson:APL,
        author = {Iverson, Kenneth E.},
        title = {A Programming Language},
        booktitle = {Proceedings of the May 1-3, 1962, Spring Joint Computer Conference},
        series = {AIEE-IRE '62 (Spring)},
        year = {1962},
        location = {San Francisco, California},
        pages = {345--351},
        numpages = {7},
        url = {http://doi.acm.org/10.1145/1460833.1460872},
        doi = {10.1145/1460833.1460872},
        acmid = {1460872},
        publisher = {ACM},
        address = {New York, NY, USA},
}

% -- j ------------------------------------------------------------------------

@inproceedings{Jones:2008uu,
        author          = {Peyton Jones, Simon and Leshchinskiy, Roman and Keller, Gabriele and Chakravarty, Manuel M T},
        title           = {{Harnessing the Multicores: Nested Data Parallelism in Haskell}},
        booktitle       = {Foundations of Software Technology and Theoretical Computer Science},
        year            = {2008},
        month           = oct,
}

@inproceedings{Jones:2006eh,
        author          = {Peyton Jones, Simon and Vytiniotis, Dimitrios and Weirich, Stephanie and Washburn, Geoffrey},
        title           = {{Simple unification-based type inference for GADTs}},
        booktitle       = {ICFP'06: International Conference on Functional Programming},
        year            = {2006},
        pages           = {50--61},
        annote          = {GADTs are used to generate the abstract syntax tree in the current GPU EDSL.}
}


% -- k ------------------------------------------------------------------------
@inproceedings{Keller:Repa,
        author          = {Gabriele Keller and
                           Manuel M. T. Chakravarty and
                           Roman Leshchinskiy and
                           Simon L. {Peyton Jones} and
                           Ben Lippmeier},
        title           = {Regular, {S}hape-polymorphic, {P}arallel {A}rrays in {H}askell},
        booktitle       = {ICFP: International Conference on Functional Programming},
        publisher       = {ACM},
        year            = {2010},
        pages           = {261--272},
        doi             = {10.1145/1863543.1863582},
}

@inproceedings{Keller:distributed-types,
        author          = {Gabriele Keller and Manuel M. T. Chakravarty},
        title           = {On the Distributed Implementation of Aggregate Data Structures by Program Transformation},
        booktitle       = {Workshop on High-Level Parallel Programming Models and Supportive Environments},
        year            = {1999},
        publisher       = {Springer-Verlag}
}

@inproceedings{Keller:avoidance,
        title           = {Vectorisation avoidance},
        author          = {Keller, Gabriele and Chakravarty, Manuel MT and Leshchinskiy, Roman and Lippmeier, Ben and Peyton Jones, Simon},
        booktitle       = {ACM SIGPLAN Notices},
        volume          = {47},
        number          = {12},
        pages           = {37--48},
        year            = {2012},
        organization    = {ACM}
}

@article{Keller:trees,
        author = {Keller, G and Chakravarty, MMT},
        title = {{Flattening trees}},
        journal = {Euro-Par '98 Parallel Processing},
        year = {1998},
        volume = {1470},
        pages = {709--719}
}

% -- l ------------------------------------------------------------------------
@inproceedings{Larsen:baracuda,
        author          = {Larsen, Bradford},
        title           = {Simple optimizations for an applicative array language for graphics processors},
        booktitle       = {DAMP: Declarative Aspects of Multicore Programming},
        year            = {2011},
        location        = {Austin, Texas, USA},
        publisher = {ACM},
}

@incollection{Leshchinskiy:higher,
        title           = {Higher order flattening},
        author          = {Leshchinskiy, Roman and Chakravarty, Manuel MT and Keller, Gabriele},
        booktitle       = {Computational Science--ICCS 2006},
        pages           = {920--928},
        year            = {2006},
        publisher       = {Springer}
}

@article{Lee:sched,
        title           = {Static Scheduling of Synchronous Data Flow Programs for Digital Signal Processing},
        author          = {Lee, Edward Ashford and Messerschmi'tt, David G},
        journal         = {IEEE Transactions on Computers},
        volume          = {2},
        number          = {36},
        year            = {1987},
        publisher       = {Citeseer}
}

@inproceedings{Lippmeier:replicate,
        author          = {Ben Lippmeier and Chakravarty, Manuel M T and Keller, Gabriele and Leshchinskiy, Roman and Peyton Jones, Simon},
        title           = {Work Efficient Higher-Order Vectorisation},
        booktitle       = {ICFP'12: International Conference on Functional Programming},
        year            = {2012},
        publisher       = {ACM},
        pages           = {259--270},
        numpages        = {12},
        doi             = {10.1145/2364527.2364564}
}

@inproceedings{Lippmeier:Stencil,
        author          = {Ben Lippmeier and
                           Gabriele Keller},
        title           = {Efficient {P}arallel {S}tencil {C}onvolution in {H}askell},
        booktitle       = {Haskell Symposium},
        year            = {2011},
        publisher       = {ACM},
        ee              = {http://doi.acm.org/10.1145/2034675.2034684},
        bibsource       = {DBLP, http://dblp.uni-trier.de}
}

@inproceedings{Lippmeier:Guiding,
        author          = {Lippmeier, Ben and Chakravarty, Manuel and Keller, Gabriele and Peyton Jones, Simon},
        title           = {Guiding parallel array fusion with indexed types},
        booktitle       = {Haskell Symposium},
        year            = {2012},
        numpages        = {12},
        publisher       = {ACM}
}

@inproceedings{Lippmeier:flow-fusion,
        title={Data flow fusion with series expressions in Haskell},
        author={Lippmeier, Ben and Chakravarty, Manuel MT and Keller, Gabriele and Robinson, Amos},
        booktitle={ACM SIGPLAN Notices},
        volume={48},
        number={12},
        pages={93--104},
        year={2013},
        organization={ACM}
}

% -- m ------------------------------------------------------------------------
@inproceedings{Ma:ifp-shared-memory,
        author          = {Ma, Wenjing and Agrawal, Gagan},
        title           = {An integer programming framework for optimizing shared memory use on {GPU}s},
        booktitle       = {PACT: Parallel Architectures and Compilation Techniques},
        year            = {2010},
        publisher       = {ACM},
}

@inproceedings{mainland:stream-fusion,
        title           = {Exploiting Vector Instructions with Generalized Stream Fusion},
        author          = {Mainland, Geoffrey and Leshchinskiy, Roman and Peyton Jones, Simon},
        year            = {2013},
        booktitle       = {ICFP: International Conference on Functional Programming},
        publisher       = {ACM}
}

@inproceedings{Mainland:nikola,
        author          = {Geoffrey Mainland and Greg Morrisett},
        title           = {Nikola: Embedding Compiled {GPU} Functions in {H}askell},
        booktitle       = {Haskell Symposium},
        year            = {2010},
        publisher       = {ACM}
}

@inproceedings{Mainland:2007bl,
        author          = {Mainland, Geoffrey},
        title           = {Why it's nice to be quoted},
        booktitle       = {Haskell Symposium},
        year            = {2007},
        pages           = {73},
        publisher       = {ACM Press},
        address         = {New York, New York, USA}
}

@inproceedings{McDonell:acc-optim,
        author          = {McDonell, Trevor L. and Chakravarty, Manuel M. T. and Keller, Gabriele and Lippmeier, Ben},
        title           = {{Optimising Purely Functional GPU Programs}},
        booktitle       = {ICFP: International Conference on Functional Programming},
        year            = {2013},
        pages           = {49--60},
        month           = sep
}

@inproceedings{McDonell:2015:acc-llvm,
        author          = {McDonell, Trevor L. and Chakravarty, Manuel M T and Grover, Vinod and Newton, Ryan R},
        title           = {{Type-safe Runtime Code Generation: Accelerate to LLVM}},
        booktitle       = {Haskell '15: The 8th ACM SIGPLAN Symposium on Haskell},
        year            = {2015},
        pages           = {201--212},
        publisher       = {ACM Press},
        address         = {New York, New York, USA}
}

@inproceedings{Meijer:bananas,
        author          = {Erik Meijer and
                             Maarten M. Fokkinga and
                             Ross Paterson},
        title           = {Functional Programming with Bananas, Lenses, Envelopes and
                                Barbed Wire},
        booktitle       = {FPCA: Functional Programming and Computer Architecture},
        year            = {1991}
}

@inproceedings{Minamide:1996,
        author = {Minamide, Yasuhiko and Morrisett, Greg and Harper, Robert},
        title = {{Typed closure conversion}},
        booktitle = {POPL '96: Proceedings of the 23rd ACM SIGPLAN-SIGACT symposium on Principles of programming languages},
        year = {1996},
        publisher = { ACM  Request Permissions},
        month = jan
}

% -- p ------------------------------------------------------------------------

@article{Page:pagerank,
        title           = {The PageRank citation ranking: Bringing order to the web.},
        author          = {Page, Lawrence and Brin, Sergey and Motwani, Rajeev and Winograd, Terry},
        year            = {1999},
        publisher       = {Stanford InfoLab}
}

@inproceedings {proteus-frontiers95,
        author = { Daniel Palmer, Jan Prins and Stephen Westfold},
        title = { Work-Efficient Nested Data-Parallelism},
        booktitle = { Proceedings of the Fifth Symposium on the
                Frontiers of Massively Parallel Processing (Frontiers 95)},
        publisher = { IEEE },
        year = {1995 }
}

@article{PeytonJones:Inliner,
        author          = {Peyton Jones, Simon and Marlow, Simon},
        title           = {{Secrets of the Glasgow Haskell Compiler inliner}},
        journal         = {J. Funct. Program.},
        issue_date      = {July 2002},
        volume          = {12},
        number          = {5},
        month           = jul,
        year            = {2002},
        publisher       = {Cambridge University Press}
}

@incollection{PeytonJones:StorageManager,
        author          = {Peyton Jones, Simon and Marlow, Simon and Elliott, Conal},
        title           = {{Stretching the Storage Manager: Weak Pointers and Stable Names in Haskell}},
        booktitle       = {IFL: Implementation of Functional Languages},
        year            = {2000},
        publisher       = {Springer Heidelberg}
}

@inproceedings{Palmer:piecewise,
        author          = {Palmer, Daniel W. and Prins, Jan F. and Chatterjee, Siddhartha and Faith, Rickard E.},
        title           = {Piecewise execution of nested data-parallel programs},
        bookTitle       = {Languages and Compilers for Parallel Computing},
        year            = {1996},
        publisher       = {Springer Heidelberg},
        pages           = {346--361},
        doi             = {10.1007/BFb0014210},
}

@inproceedings{Prins:1993,
        author = {Prins, Jan F and Palmer, Daniel W},
        title = {{Transforming high-level data-parallel programs into vector operations}},
        booktitle = {PPOPP '93: Proceedings of the fourth ACM SIGPLAN symposium on Principles and practice of parallel programming},
        year = {1993},
        publisher = { ACM  Request Permissions},
        month = aug
}
% -- r ------------------------------------------------------------------------

@article{Rafler2011:Smoothlife,
        author          = {Rafler, Stephan},
        title           = {{Generalization of Conway's ``Game of Life'' to a continuous domain--SmoothLife}},
        year            = {2011}
}

@inproceedings{Ragan-Kelley:Halide,
        author          = {Ragan-Kelley, Jonathan and Barnes, Connelly and Adams, Andrew and Paris, Sylvain and Durand, Fr{\'e}do and Amarasinghe, Saman},
        title           = {Halide: a language and compiler for optimizing parallelism, locality, and recomputation in image processing pipelines},
        booktitle       = {PLDI'13: Programming Language Design and Implementation},
        year            = {2013},
        publisher       = {ACM},
}
#        booktitle       = {Proceedings of the 34th ACM SIGPLAN conference on Programming language design and implementation},

@inproceedings{Rompf-etal:Delite,
        author          = {Rompf, Tiark and Sujeeth, Arvind K. and Amin, Nada and Brown, Kevin J. and Jovanovic, Vojin and  Lee, HyoukJoong and Odersky, Martin and Olukotun, Kunle},
        title           = {Optimizing Data Structures in High-Level Programs: New Directions for Extensible Compilers based on Staging},
        booktitle       = {POPL'13: Principles of Programming Languages},
        year            = {2013},
        publisher       = {ACM}
}
#        booktitle       = {POPL: Symposium on Principles of Programming Languages},

@article{Rivest:MD5,
        author          = {Rivest, Ronald},
        title           = {The MD5 message-digest algorithm},
        year            = {1992}
}

% -- s ------------------------------------------------------------------------

@inproceedings{Satish:2009kx,
        author          = {Satish, Nadathur and Harris, Mark and Garland, Michael},
        title           = {{Designing efficient sorting algorithms for manycore GPUs}},
        booktitle       = {IPDPS: Parallel and Distributed Processing},
        year            = {2009},
        publisher       = {IEEE Computer Society}
}


@inproceedings{Sato:Skeletal-fusion,
        author          = {Sato, Shigeyuki and Iwasaki, Hideya},
        title           = {A Skeletal Parallel Framework with Fusion Optimizer for {GPGPU} Programming},
        booktitle       = {APLAS: Asian Symposium on Programming Languages and Systems},
        year            = {2009},
        publisher       = {Springer-Verlag}
}

@inproceedings{Madsen:2013,
        author          = {Madsen, Frederik M. and Filinski, Andrzej},
        title           = {Towards a Streaming Model for Nested Data Parallelism},
        booktitle       = {FHPC'13: Workshop on Functional High-performance Computing},
        year            = {2013},
        pages           = {13--24},
        numpages        = {12},
        publisher       = {ACM},
}

@inproceedings{Madsen:2015,
        author          = {Madsen, Frederik M. and Clifton-Everest, Robert and Chakravarty, Manuel M. T. and Keller, Gabriele},
        title           = {Functional Array Streams},
        booktitle       = {FHPC'15: Workshop on Functional High-Performance Computing},
        year            = {2015},
        pages           = {23--34},
        numpages        = {12},
        publisher       = {ACM},
}

@inproceedings{Matsuzaki:Skeletal-expression-templates,
        author          = {Matsuzaki, Kiminori and Emoto, Kento},
        title           = {Implementing fusion-equipped parallel skeletons by expression templates},
        booktitle       = {IFL: Implementation and Application of Functional Languages},
        year            = {2010},
        publisher       = {Springer-Verlag}
}



@article{Pingali:1985:EDE:3318.3480,
 author = {Pingali, Keshav and Arvind},
 title = {Efficient Demand-driven Evaluation.  Part 1},
 journal = {ACM Trans. Program. Lang. Syst.},
 issue_date = {April 1985},
 volume = {7},
 number = {2},
 month = apr,
 year = {1985},
 issn = {0164-0925},
 pages = {311--333},
 numpages = {23},
 url = {http://doi.acm.org/10.1145/3318.3480},
 doi = {10.1145/3318.3480},
 acmid = {3480},
 publisher = {ACM},
 address = {New York, NY, USA},
}

@article{Pingali:1986:EDE:5001.5003,
 author = {Pingali, Keshav and Arvind},
 title = {Efficient Demand-driven Evaluation. Part 2},
 journal = {ACM Trans. Program. Lang. Syst.},
 issue_date = {Jan. 1986},
 volume = {8},
 number = {1},
 month = jan,
 year = {1986},
 issn = {0164-0925},
 pages = {109--139},
 numpages = {31},
 url = {http://doi.acm.org/10.1145/5001.5003},
 doi = {10.1145/5001.5003},
 acmid = {5003},
 publisher = {ACM},
 address = {New York, NY, USA},
}


@book{Sabot:paralation,
        author = {Sabot, Gary W},
        title = {{Paralation Lisp: Software for the IBM, XT, and AT with Reference Manual}},
        publisher = {MIT Press},
        year = {1989}
}

@inproceedings{Sengupta:2007tc,
        author          = {Sengupta, Shubhabrata and Harris, Mark and Zhang, Yao and Owens, John D},
        title           = {{Scan primitives for {GPU} computing}},
        booktitle       = {Symposium on Graphics Hardware},
        year            = {2007},
        pages           = {97--106},
        publisher       = {Eurographics Association}
}
#        booktitle       = {SIGGRAPH/EUROGRAPHICS Symposium on Graphics Hardware},


@inproceedings{Sheard:2002template,
        author          = {Sheard, Tim and Peyton Jones, Simon},
        title           = {{Template meta-programming for Haskell}},
        booktitle       = {{Proceedings of the 2002 ACM SIGPLAN workshop on Haskell}},
        pages           = {1--16},
        year            = {2002},
        organization    = {ACM}
}


@inproceedings{Stam:1999ey,
        author          = {Stam, Jos},
        title           = {{Stable fluids}},
        booktitle       = {SIGGRAPH: Computer graphics and Interactive Techniques},
        year            = {1999},
        publisher       = {ACM Press}
}

@inproceedings{Spoonhower:2008,
        author          = {Spoonhower, Daniel and Blelloch, Guy E. and Harper, Robert and Gibbons, Phillip B.},
        title           = {Space Profiling for Parallel Functional Programs},
        booktitle       = {ICFP'08: International Conference on Functional Programming},
        year            = {2008},
        pages           = {253--264},
        numpages        = {12},
        doi             = {10.1145/1411204.1411240},
        publisher       = {ACM},
}

@inproceedings{Steuwer:lift,
        title           = {Lift: a functional data-parallel IR for high-performance GPU code generation},
        author          = {Steuwer, Michel and Remmelg, Toomas and Dubach, Christophe},
        booktitle       = {Code Generation and Optimization (CGO), 2017 IEEE/ACM International Symposium on},
        pages           = {74--85},
        year            = {2017},
        organization    = {IEEE}
}

% -- t ------------------------------------------------------------------------
@inproceedings{Takano:shortcut-calculational,
        author          = {Akihiko Takano and Erik Meijer},
        title           = {Shortcut Deforestation in Calculational Form},
        booktitle       = {Functional Programming Languages and Computer Architecture},
        year            = {1995},
        publisher       = {ACM}
}

@inproceedings{Thies:streamit,
        author          = {Thies, William and Karczmarek, Michal and Amarasinghe, Saman},
        title           = {{StreamIt: A language for streaming applications}},
        booktitle       = {Compiler Construction},
        year            = {2002},
        organization    = {Springer}
}


% -- w ------------------------------------------------------------------------
@article{Wadler:expression-problem,
        author          = {Wadler, Philip},
        title           = {{The Expression Problem}},
        journal         = {java-genericity Mailing List},
        howpublished    = {Mailing list},
        year            = {1998}
}

@article{Wadler:1990ix,
        author          = {Wadler, Philip},
        title           = {{Deforestation: Transforming programs to eliminate trees}},
        journal         = {Theoretical Computer Science},
        year            = {1990},
        volume          = {73},
        number          = {2},
        pages           = {231--248},
        month           = jun
}

@article{Williams:2009,
        author          = {Williams, Samuel and Oliker, Leonid and Vuduc, Richard and Shalf, John and Yelick, Katherine and Demmel, James},
        title           = {{Optimization of sparse matrix-vector multiplication on emerging multicore platforms}},
        journal         = {Parallel Computing},
        year            = {2009},
        volume          = {35},
        number          = {3}
}


% -- z ------------------------------------------------------------------------
@inproceedings{Zhang:2010jc,
        author          = {Zhang, Eddy and Jiang, Yunlian and Guo, Ziyu and Shen, Xipeng},
        title           = {{Streamlining GPU applications on the fly}},
        booktitle       = {International Conference on Supercomputing},
        year            = {2010},
        publisher       = {ACM Press}
}

@inproceedings{Zhang:2012jl,
        author          = {Zhang, Yongpeng and Mueller, F},
        title           = {{CuNesl: Compiling Nested Data-Parallel Languages for SIMT Architectures}},
        booktitle       = {ICPP '12: International Conference on Parallel Processing},
        year            = {2012},
        pages           = {340--349},
        month           = sep
}

% -- vim: nospell

